@online{anon2016,
	author = {Anon},
	title = {Linpra Competency Map},
	year = {2016},
	url = {http://manufuture.lt/images/Platinama\_informacija/Technology\_individual.pdf},
	urldate = {2016-09-12}
}

@inproceedings{gopsill2015,
  title={The Evolution of Terminology within a Large Distributed Engineering Project},
  author={Gopsill, J.A. and Snider, Chris and Shi, Lei and Jones, Simon and Hicks, B.J.},
  booktitle={International Conference on Engineering Design (ICED15)},
  day={30},
  monht={7},
  year={2015}
}

@article{ding2001,
  title={Bibliometric cartography of information retrieval research by using co-word analysis},
  author={Ding, Ying and Chowdhury, Gobinda G and Foo, Schubert},
  journal={Information processing \& management},
  volume={37},
  number={6},
  pages={817--842},
  year={2001},
  publisher={Elsevier}
}

@article{coulter1998,
  title={Software Engineering as seen through its Research Literature: A Study in co-word Analysis},
  author={Coulter, Neal and Monarch, Ira and Konda, Suresh},
  journal={Journal of the American Society for Information Science},
  volume={49},
  number={13},
  pages={1206--1223},
  year={1998},
  publisher={Wiley Online Library}
}

@inproceedings{liu2014,
  title={CHI 1994-2013: mapping two decades of intellectual progress through co-word analysis},
  author={Liu, Yong and Goncalves, Jorge and Ferreira, Denzil and Xiao, Bei and Hosio, Simo and Kostakos, Vassilis},
  booktitle={Proceedings of the 32nd annual ACM conference on Human factors in computing systems},
  pages={3553--3562},
  year={2014},
  organization={ACM}
}

@inproceedings{hagberg2008,
author = {Aric A. Hagberg and Daniel A. Schult and Pieter J. Swart},
title = {Exploring network structure, dynamics, and function using {NetworkX}},
year = {2008},
month = Aug,
urlpdf = {http://math.lanl.gov/~hagberg/Papers/hagberg-2008-exploring.pdf},
booktitle = {Proceedings of the 7th Python in Science Conference (SciPy2008)},
editors = {G\"{a}el Varoquaux, Travis Vaught, and Jarrod Millman},
address = {Pasadena, CA USA},
pages = {11--15}
}

@article{blondel2008,
  title={Fast unfolding of communities in large networks},
  author={Blondel, Vincent D and Guillaume, Jean-Loup and Lambiotte, Renaud and Lefebvre, Etienne},
  journal={Journal of Statistical Mechanics: Theory and Experiment},
  volume={2008},
  number={10},
  pages={P10008},
  year={2008},
  publisher={IOP Publishing}
}


@article{newman2004,
  title={Analysis of weighted networks},
  author={Newman, M. E. J.},
  journal={Physical Review E},
  volume={70},
  number={5},
  pages={056131},
  year={2004},
  publisher={APS}
}

@article{newman2006,
author = {Newman, M. E. J.},
title = {Modularity and community structure in networks},
volume = {103},
number = {23},
pages = {8577-8582},
year = {2006},
%doi = {10.1073/pnas.0601602103},
URL = {http://www.pnas.org/content/103/23/8577.abstract},
%eprint = {http://www.pnas.org/content/103/23/8577.full.pdf},
journal = {Proceedings of the National Academy of Sciences}
}


@article{edmond1999,
author = {Edmond F. Vail III},
title = {Knowledge Mapping: Getting Started with Knowledge Management},
journal = {Information Systems Management},
volume = {16},
number = {4},
pages = {16-23},
year  = {1999},
publisher = {Taylor & Francis},
doi = {10.1201/1078/43189.16.4.19990901/31199.3},
URL = {https://www.tandfonline.com/doi/abs/10.1201/1078/43189.16.4.19990901/31199.3},
eprint = {https://www.tandfonline.com/doi/pdf/10.1201/1078/43189.16.4.19990901/31199.3}
}

@article{deibel2005,
author = {Deibel, Katherine and Anderson, Richard and Anderson, Ruth},
title = {Using edit distance to analyze card sorts},
journal = {Expert Systems},
volume = {22},
number = {3},
pages = {129-138},
keywords = {sorting, card sorts, edit distance, clustering},
doi = {10.1111/j.1468-0394.2005.00304.x},
url = {https://onlinelibrary.wiley.com/doi/abs/10.1111/j.1468-0394.2005.00304.x},
eprint = {https://onlinelibrary.wiley.com/doi/pdf/10.1111/j.1468-0394.2005.00304.x},
year = {2005}
}

@article{galil1986,
  title={Efficient algorithms for finding maximum matching in graphs},
  author={Galil, Zvi},
  journal={ACM Computing Surveys (CSUR)},
  volume={18},
  number={1},
  pages={23--38},
  year={1986},
  publisher={ACM}
}

@article{jafari2009,
  title={A Framework for the selection of knowledge mapping techniques},
  author={Jafari, Mostafa and Akhavan, Peyman and Bourouni, Atieh and Roozbeh, Hesam},
  journal={Journal of Knowledge Management Practice},
  volume={10},
  number={1},
  year={2009}
}

@article{dori2005,
  title={Mapping knowledge about product lifecycle engineering for ontology construction via object-process methodology},
  author={Dori, Dov and Shpitalni, Moshe},
  journal={CIRP annals},
  volume={54},
  number={1},
  pages={117--122},
  year={2005},
  publisher={Elsevier}
}

@article{sarica2019, title={Engineering Knowledge Graph for Keyword Discovery in Patent Search}, volume={1}, DOI={10.1017/dsi.2019.231}, number={1}, journal={Proceedings of the Design Society: International Conference on Engineering Design}, publisher={Cambridge University Press}, author={Sarica, Serhad and Song, Binyang and Low, En and Luo, Jianxi}, year={2019}, pages={2249–2258}}

@inproceedings{schmidt2015,
  title={Identification of Knowledge and Processes in Design Projects},
  author={Schmidt, Danilo Marcello and Kammerl, Daniel and Schultz, Bernhard and Schenkl, Sebastian Alexander and M{\"o}rtl, Markus and others},
  booktitle={DS 80-10 Proceedings of the 20th International Conference on Engineering Design (ICED 15) Vol 10: Design Information and Knowledge Management Milan, Italy, 27-30.07. 15},
  pages={283--292},
  year={2015}
}

@inproceedings{schmidt2013a,
  title={Multiple-Domain Matrices and Knowledge Maps for Visualizing Knowledge-Driven Scenarios},
  author={Schmidt, Danilo Marcello and Schenkl, Sebastian Alexander and Wickel, Martina Carolina and von Saucken, Constantin and Maurer, Maik and others},
  booktitle={Reducing risk in innovation: Proceedings of the 15th International DSM Conference Melbourne, Australia, 28-30 August 2013},
  pages={55},
  year={2013},
  organization={Carl Hanser Verlag GmbH Co KG}
}

@inproceedings{schmidt2013b,
  title={Interpreting knowledge maps using structural criteria},
  author={Schmidt, Danilo Marcello and Schenkl, Sebastian Alexander and Wickel, Martina Carolina and Braun, Michael and Maurer, Maik},
  booktitle={DS 75-6: Proceedings of the 19th International Conference on Engineering Design (ICED13), Design for Harmonies, Vol. 6: Design Information and Knowledge, Seoul, Korea, 19-22.08. 2013},
  year={2013}
}

@inproceedings{von2014,
  title={Measures And Methods For Systematic Knowledge Management},
  author={von Saucken, CC and Schenkl, SA and Dahlmann, Patrick and Maurer, Maik and others},
  booktitle={DS 77: Proceedings of the DESIGN 2014 13th International Design Conference},
  pages={1925--1936},
  year={2014}
}

@article{bjornfot2007,
  title={A design structural matrix approach displaying structural and assembly requirements in construction: a timber case study},
  author={Bj{\"o}rnfot, Anders and Stehn, Lars},
  journal={Journal of Engineering Design},
  volume={18},
  number={2},
  pages={113--124},
  year={2007},
  publisher={Taylor \& Francis}
}

@inproceedings{jones2015,
  title={Improving enterprise wide search in large engineering multinationals: A linguistic comparison of the structures of internet-search and enterprise-search queries},
  author={Jones, David and Xie, Yifan and McMahon, Chris and Dotter, Marting and Chanchevrier, Nicolas and Hicks, Ben},
  booktitle={IFIP International Conference on Product Lifecycle Management},
  pages={216--226},
  year={2015},
  organization={Springer}
}

@article{sarica2020,
title = "TechNet: Technology semantic network based on patent data",
journal = "Expert Systems with Applications",
volume = "142",
pages = "112995",
year = "2020",
issn = "0957-4174",
doi = "https://doi.org/10.1016/j.eswa.2019.112995",
url = "http://www.sciencedirect.com/science/article/pii/S0957417419307122",
author = "Serhad Sarica and Jianxi Luo and Kristin L. Wood",
keywords = "Knowledge discovery, Word embedding, Technology semantic network, Knowledge representation",
}

@article{yan_luo_2019, title={Multicores-periphery structure in networks}, volume={7}, DOI={10.1017/nws.2018.27}, number={1}, journal={Network Science}, publisher={Cambridge University Press}, author={Yan, Bowen and Luo, Jianxi}, year={2019}, pages={70–87}}

@inproceedings{le2014distributed,
  title={Distributed representations of sentences and documents},
  author={Le, Quoc and Mikolov, Tomas},
  booktitle={International conference on machine learning},
  pages={1188--1196},
  year={2014}
}

@article{he2019,
    author = {He, Yuejun and Camburn, Bradley and Liu, Haowen and Luo, Jianxi and Yang, Maria and Wood, Kristin},
    title = "{Mining and Representing the Concept Space of Existing Ideas for Directed Ideation}",
    journal = {Journal of Mechanical Design},
    volume = {141},
    number = {12},
    year = {2019},
    month = {09},
    issn = {1050-0472},
    doi = {10.1115/1.4044399},
    url = {https://doi.org/10.1115/1.4044399},
    note = {121101},
    eprint = {https://asmedigitalcollection.asme.org/mechanicaldesign/article-pdf/141/12/121101/6030643/md\_141\_12\_121101.pdf},
}


@article{gopsill2016, title={Automatic generation of design structure matrices through the evolution of product models}, volume={30}, DOI={10.1017/S0890060416000391}, number={4}, journal={Artificial Intelligence for Engineering Design, Analysis and Manufacturing}, publisher={Cambridge University Press}, author={Gopsill, James A. and Snider, Chris and McMahon, Chris and Hicks, Ben}, year={2016}, pages={424–445}}

@inproceedings{jones2015subject,
  title={Subject lines as sensors: co-word analysis of email to support the management of collaborative engineering work},
  author={Jones, Simon L and Payne, Stephen J and Hicks, Ben J and Gopsill, James A and Snider, Chris and Shi, Lei and others},
  booktitle={DS 80-6 Proceedings of the 20th International Conference on Engineering Design (ICED 15) Vol 6: Design Methods and Tools-Part 2 Milan, Italy, 27-30.07. 15},
  pages={307--318},
  year={2015}
}